% GMail
@misc{gmail,
    author = {Google},
    title = {{GMail}},
    howpublished = {\url{http://www.google.com}},
    year = 2000
}

%% 堀くんの ICAIIC (2020/02)
@inproceedings{hori-icaiic2020,
	author = {Yuki Hori and Takahiro Ando and Akira Fukuda},
	title = {Personal Identification Methods Using Footsteps of One Step},
	booktitle = {The 2nd International Conference on Artificial Intelligence in Information and Communication (ICAIIC 2020)},
	pages = "73--78",
	year = {2020},
	month = feb,
}



%%%% 2019年 %%%%

%% 永尾くんの 第54回 エンタテインメントコンピューティング研究会 (2019/12)
@inproceedings{nagao-ec2019,
	author = {永尾 雅俊 and 安藤 崇央 and 福田 晃},
	title = {複合現実環境を用いた交通流シミュレーション環境の開発},
	booktitle = {研究報告エンタテインメントコンピューティング (EC) Vol. 2019-EC-54},
	number = "5",
	pages = "1--6",
	year = 2019,
	month = dec,
}
